%YAML 1.1
%TAG !u! tag:unity3d.com,2011:
--- !u!1 &3240690392320441826
GameObject:
  m_ObjectHideFlags: 0
  m_CorrespondingSourceObject: {fileID: 0}
  m_PrefabInstance: {fileID: 0}
  m_PrefabAsset: {fileID: 0}
  serializedVersion: 6
  m_Component:
  - component: {fileID: 3240690392320441849}
  - component: {fileID: 3240690392320441854}
  - component: {fileID: 3240690392320441855}
  - component: {fileID: 3240690392320441848}
  - component: {fileID: 3240690392320441852}
  - component: {fileID: 3240690392320441853}
  - component: {fileID: 3240690392320441851}
  m_Layer: 0
  m_Name: path
  m_TagString: ActiveBalls
  m_Icon: {fileID: 0}
  m_NavMeshLayer: 0
  m_StaticEditorFlags: 0
  m_IsActive: 1
--- !u!4 &3240690392320441849
Transform:
  m_ObjectHideFlags: 0
  m_CorrespondingSourceObject: {fileID: 0}
  m_PrefabInstance: {fileID: 0}
  m_PrefabAsset: {fileID: 0}
  m_GameObject: {fileID: 3240690392320441826}
  m_LocalRotation: {x: 0, y: 0, z: 0, w: 1}
  m_LocalPosition: {x: -7.8, y: 0, z: 19}
  m_LocalScale: {x: 1, y: 1, z: 1}
  m_Children: []
  m_Father: {fileID: 0}
  m_RootOrder: 0
  m_LocalEulerAnglesHint: {x: 0, y: 0, z: 0}
--- !u!114 &3240690392320441854
MonoBehaviour:
  m_ObjectHideFlags: 0
  m_CorrespondingSourceObject: {fileID: 0}
  m_PrefabInstance: {fileID: 0}
  m_PrefabAsset: {fileID: 0}
  m_GameObject: {fileID: 3240690392320441826}
  m_Enabled: 1
  m_EditorHideFlags: 0
  m_Script: {fileID: 11500000, guid: e70f079e2a6bf364e8185b765fbe61c0, type: 3}
  m_Name: 
  m_EditorClassIdentifier: 
  settings:
    hideHandles: 0
    newPointDistance: 2
    showCurve: 1
    showCurveMode: 1
    showCurveOption: 0
    sections: 20
    showPointMenu: 1
    showTangents: 0
    tangentsSize: 0.7
    tangentsColor: {r: 1, g: 1, b: 1, a: 1}
    tangentsPerSection: 1
    controlType: 2
    vRay: 0
    lineColor: {r: 1, g: 0, b: 0, a: 1}
    restrictGizmoz: 
    showPointControlType: 1
    showPointPosition: 1
    showHandles: 1
    handlesType: 0
    handlesSettings:
      RemoveX: 0
      RemoveY: 0
      RemoveZ: 0
      RemoveXZ: 0
      RemoveXY: 0
      RemoveYZ: 0
      AxisScale: 1
      PlanesScale: 1
      Alpha: 1
    showLabels: 1
    labelColor: {r: 1, g: 1, b: 1, a: 1}
    showPositions: 0
    labelColorSelected: {r: 0, g: 1, b: 0, a: 1}
    showSpheres: 1
    sphereRadius: 0.1
    sphereColor: {r: 1, g: 0, b: 0, a: 1}
    showPointControlPositions: 1
    showControlHandles: 1
    controlHandlesType: 0
    controlHandlesSettings:
      RemoveX: 0
      RemoveY: 0
      RemoveZ: 0
      RemoveXZ: 0
      RemoveXY: 0
      RemoveYZ: 0
      AxisScale: 0.7
      PlanesScale: 0.7
      Alpha: 0.7
    controlHandlesColor: {r: 0, g: 1, b: 1, a: 1}
    showControlLabels: 1
    showControlPositions: 0
    labelControlColor: {r: 1, g: 0.92156863, b: 0.015686275, a: 1}
    showTransformField: 0
    existing: 1
  mode2D: 0
  closed: 0
  points:
  - controlType: 2
    positionLocal: {x: 13.093165, y: 0, z: 3.9175625}
    controlFirstLocal: {x: 3.227665, y: 0, z: 0.15566635}
    controlSecondLocal: {x: -9.408318, y: 0.13627434, z: -2.214817}
    pointTransform: {fileID: 0}
    curve: {fileID: 3240690392320441854}
    fieldsValues: []
  - controlType: 2
    positionLocal: {x: 1.1085181, y: 0, z: -2.2344246}
    controlFirstLocal: {x: -0.0003914833, y: 0.19671535, z: 1.6770248}
    controlSecondLocal: {x: 2.1073613, y: -0.09984207, z: -2.0548725}
    pointTransform: {fileID: 0}
    curve: {fileID: 3240690392320441854}
    fieldsValues: []
  - controlType: 2
    positionLocal: {x: 14.136225, y: 0, z: -4.4998875}
    controlFirstLocal: {x: 0.25572968, y: 0, z: 2.3301334}
    controlSecondLocal: {x: -1.0301266, y: 0, z: -4.764854}
    pointTransform: {fileID: 0}
    curve: {fileID: 3240690392320441854}
    fieldsValues: []
  - controlType: 2
    positionLocal: {x: 0.9350786, y: 0, z: -8.886278}
    controlFirstLocal: {x: 0.13325977, y: -0, z: 2.6861906}
    controlSecondLocal: {x: 0.21638823, y: -0.037169456, z: -1.7542477}
    pointTransform: {fileID: 0}
    curve: {fileID: 3240690392320441854}
    fieldsValues: []
  - controlType: 2
    positionLocal: {x: 13.4409485, y: 0, z: -12.965637}
    controlFirstLocal: {x: 0.38422394, y: 0.14169884, z: 2.0934944}
    controlSecondLocal: {x: 0.061566353, y: -0.12946796, z: -1.7536755}
    pointTransform: {fileID: 0}
    curve: {fileID: 3240690392320441854}
    fieldsValues: []
  - controlType: 2
    positionLocal: {x: 1.699141, y: 0, z: -14.717042}
    controlFirstLocal: {x: 2.4369335, y: 0, z: -1.2569532}
    controlSecondLocal: {x: 3.7469559, y: 0, z: 2.0235176}
    pointTransform: {fileID: 0}
    curve: {fileID: 3240690392320441854}
    fieldsValues: []
  pointsComponents: []
  pointsGameObjects: []
  fields: []
  snapType: 0
  snapAxis: 1
  snapDistance: 10
  snapLayerMask:
    serializedVersion: 2
    m_Bits: 4294967295
  snapTriggerInteraction: 0
  snapToBackFaces: 0
  snapMonitoring: 0
  eventMode: 0
  pointsMode: 0
  forceChangedEventMode: 0
--- !u!114 &3240690392320441855
MonoBehaviour:
  m_ObjectHideFlags: 0
  m_CorrespondingSourceObject: {fileID: 0}
  m_PrefabInstance: {fileID: 0}
  m_PrefabAsset: {fileID: 0}
  m_GameObject: {fileID: 3240690392320441826}
  m_Enabled: 1
  m_EditorHideFlags: 0
  m_Script: {fileID: 11500000, guid: b6d20671ad38ded4fa2362df353b9a31, type: 3}
  m_Name: 
  m_EditorClassIdentifier: 
  showHandles: 1
  hidden: 0
  parent: {fileID: 0}
  ccName: 
  fields: 3
  mathType: 0
  sectionParts: 30
  optimizeStraightLines: 0
  tolerance: 0.2
  usePositionToCalculateTangents: 0
  updateMode: 0
  rendererForUpdateCheck: {fileID: 0}
  mathChangedEvent:
    m_PersistentCalls:
      m_Calls: []
  spheresScale: 1
  spheresColor: {r: 1, g: 1, b: 1, a: 1}
  spheresCount: 100
--- !u!120 &3240690392320441848
LineRenderer:
  m_ObjectHideFlags: 0
  m_CorrespondingSourceObject: {fileID: 0}
  m_PrefabInstance: {fileID: 0}
  m_PrefabAsset: {fileID: 0}
  m_GameObject: {fileID: 3240690392320441826}
  m_Enabled: 0
  m_CastShadows: 0
  m_ReceiveShadows: 0
  m_DynamicOccludee: 1
  m_MotionVectors: 0
  m_LightProbeUsage: 0
  m_ReflectionProbeUsage: 0
  m_RenderingLayerMask: 1
  m_RendererPriority: 0
  m_Materials:
  - {fileID: 10301, guid: 0000000000000000f000000000000000, type: 0}
  m_StaticBatchInfo:
    firstSubMesh: 0
    subMeshCount: 0
  m_StaticBatchRoot: {fileID: 0}
  m_ProbeAnchor: {fileID: 0}
  m_LightProbeVolumeOverride: {fileID: 0}
  m_ScaleInLightmap: 1
  m_ReceiveGI: 1
  m_PreserveUVs: 0
  m_IgnoreNormalsForChartDetection: 0
  m_ImportantGI: 0
  m_StitchLightmapSeams: 1
  m_SelectedEditorRenderState: 3
  m_MinimumChartSize: 4
  m_AutoUVMaxDistance: 0.5
  m_AutoUVMaxAngle: 89
  m_LightmapParameters: {fileID: 0}
  m_SortingLayerID: 0
  m_SortingLayer: 0
  m_SortingOrder: 0
  m_Positions:
  - {x: 5.293165, y: 0, z: 22.917562}
  - {x: 4.374948, y: 0.013367941, z: 22.695953}
  - {x: 3.501329, y: 0.026190031, z: 22.47418}
  - {x: 2.6713634, y: 0.03842598, z: 22.252386}
  - {x: 1.8841053, y: 0.050035488, z: 22.030708}
  - {x: 1.1386094, y: 0.060978267, z: 21.809286}
  - {x: 0.43393037, y: 0.07121402, z: 21.58826}
  - {x: -0.23087738, y: 0.080702454, z: 21.367771}
  - {x: -0.85675925, y: 0.08940327, z: 21.147957}
  - {x: -1.4446607, y: 0.09727619, z: 20.928957}
  - {x: -1.995527, y: 0.1042809, z: 20.710913}
  - {x: -2.510304, y: 0.11037711, z: 20.493961}
  - {x: -2.9899366, y: 0.11552454, z: 20.278246}
  - {x: -3.4353707, y: 0.11968288, z: 20.063902}
  - {x: -3.8475513, y: 0.12281184, z: 19.851072}
  - {x: -4.227424, y: 0.124871135, z: 19.639896}
  - {x: -4.575935, y: 0.12582046, z: 19.430513}
  - {x: -4.8940287, y: 0.12561953, z: 19.223063}
  - {x: -5.182651, y: 0.124228045, z: 19.017683}
  - {x: -5.442747, y: 0.12160571, z: 18.814514}
  - {x: -5.6752625, y: 0.11771223, z: 18.613697}
  - {x: -5.881143, y: 0.11250732, z: 18.415373}
  - {x: -6.0613337, y: 0.10595068, z: 18.219677}
  - {x: -6.21678, y: 0.09800202, z: 18.026752}
  - {x: -6.348428, y: 0.088621035, z: 17.836737}
  - {x: -6.4572215, y: 0.07776744, z: 17.649773}
  - {x: -6.544108, y: 0.065400936, z: 17.465996}
  - {x: -6.6100316, y: 0.05148124, z: 17.285547}
  - {x: -6.655938, y: 0.035968043, z: 17.108568}
  - {x: -6.682773, y: 0.018821063, z: 16.935198}
  - {x: -6.691482, y: 0, z: 16.765575}
  - {x: -6.4512763, y: -0.009329687, z: 16.573683}
  - {x: -6.155168, y: -0.017394708, z: 16.407705}
  - {x: -5.8077126, y: -0.024261624, z: 16.265722}
  - {x: -5.4134665, y: -0.029996995, z: 16.145819}
  - {x: -4.976985, y: -0.034667388, z: 16.046082}
  - {x: -4.502824, y: -0.038339354, z: 15.964589}
  - {x: -3.9955385, y: -0.041079465, z: 15.899428}
  - {x: -3.4596846, y: -0.042954277, z: 15.848681}
  - {x: -2.8998182, y: -0.044030353, z: 15.8104315}
  - {x: -2.3204947, y: -0.044374254, z: 15.7827635}
  - {x: -1.7262697, y: -0.04405254, z: 15.763761}
  - {x: -1.1216991, y: -0.043131776, z: 15.751506}
  - {x: -0.5113384, y: -0.041678518, z: 15.744083}
  - {x: 0.10025662, y: -0.03975933, z: 15.739575}
  - {x: 0.70853037, y: -0.037440777, z: 15.736067}
  - {x: 1.3089272, y: -0.034789417, z: 15.731641}
  - {x: 1.8968912, y: -0.031871807, z: 15.7243805}
  - {x: 2.4678671, y: -0.028754517, z: 15.71237}
  - {x: 3.017299, y: -0.025504103, z: 15.693692}
  - {x: 3.540631, y: -0.022187127, z: 15.666431}
  - {x: 4.033308, y: -0.01887015, z: 15.628671}
  - {x: 4.4907737, y: -0.015619737, z: 15.578493}
  - {x: 4.908473, y: -0.012502446, z: 15.513984}
  - {x: 5.28185, y: -0.0095848385, z: 15.433224}
  - {x: 5.606349, y: -0.0069334772, z: 15.334299}
  - {x: 5.877414, y: -0.004614922, z: 15.215292}
  - {x: 6.09049, y: -0.002695736, z: 15.074286}
  - {x: 6.2410207, y: -0.0012424791, z: 14.909366}
  - {x: 6.324451, y: -0.00032171333, z: 14.718613}
  - {x: 6.3362246, y: 0, z: 14.500113}
  - {x: 6.1973686, y: 0, z: 14.049223}
  - {x: 5.9902196, y: 0, z: 13.6475115}
  - {x: 5.7198696, y: 0, z: 13.291961}
  - {x: 5.3914104, y: 0, z: 12.979554}
  - {x: 5.009933, y: 0, z: 12.707273}
  - {x: 4.5805297, y: 0, z: 12.472098}
  - {x: 4.1082916, y: 0, z: 12.271013}
  - {x: 3.5983102, y: 0, z: 12.101001}
  - {x: 3.0556772, y: 0, z: 11.959042}
  - {x: 2.4854844, y: 0, z: 11.842118}
  - {x: 1.8928232, y: 0, z: 11.747213}
  - {x: 1.2827853, y: 0, z: 11.6713085}
  - {x: 0.6604621, y: 0, z: 11.611386}
  - {x: 0.030945271, y: 0, z: 11.564429}
  - {x: -0.60067356, y: 0, z: 11.527418}
  - {x: -1.2293029, y: 0, z: 11.497336}
  - {x: -1.849851, y: 0, z: 11.471166}
  - {x: -2.4572263, y: 0, z: 11.445888}
  - {x: -3.0463374, y: 0, z: 11.418486}
  - {x: -3.6120927, y: 0, z: 11.385941}
  - {x: -4.1494, y: 0, z: 11.345235}
  - {x: -4.653169, y: 0, z: 11.293351}
  - {x: -5.118307, y: 0, z: 11.227271}
  - {x: -5.539723, y: 0, z: 11.143978}
  - {x: -5.912325, y: 0, z: 11.040452}
  - {x: -6.2310214, y: 0, z: 10.913677}
  - {x: -6.4907207, y: 0, z: 10.760634}
  - {x: -6.6863317, y: 0, z: 10.578306}
  - {x: -6.8127627, y: 0, z: 10.363674}
  - {x: -6.8649216, y: 0, z: 10.113722}
  - {x: -6.8027034, y: -0.003016694, z: 9.943247}
  - {x: -6.6631064, y: -0.004712382, z: 9.782171}
  - {x: -6.451801, y: -0.0052063093, z: 9.629742}
  - {x: -6.1744566, y: -0.004617722, z: 9.485208}
  - {x: -5.836744, y: -0.0030658643, z: 9.347815}
  - {x: -5.4443326, y: -0.0006699829, z: 9.216813}
  - {x: -5.002893, y: 0.0024506769, z: 9.091449}
  - {x: -4.5180945, y: 0.00617687, z: 8.970971}
  - {x: -3.995608, y: 0.01038935, z: 8.854628}
  - {x: -3.4411035, y: 0.014968872, z: 8.741666}
  - {x: -2.8602505, y: 0.01979619, z: 8.631333}
  - {x: -2.2587192, y: 0.02475206, z: 8.522879}
  - {x: -1.6421798, y: 0.029717235, z: 8.41555}
  - {x: -1.0163025, y: 0.03457247, z: 8.308594}
  - {x: -0.38675708, y: 0.039198518, z: 8.20126}
  - {x: 0.24078628, y: 0.043476135, z: 8.092794}
  - {x: 0.8606575, y: 0.047286075, z: 7.9824467}
  - {x: 1.4671867, y: 0.050509095, z: 7.8694634}
  - {x: 2.0547035, y: 0.053025946, z: 7.7530932}
  - {x: 2.6175382, y: 0.05471738, z: 7.6325836}
  - {x: 3.1500206, y: 0.05546416, z: 7.5071826}
  - {x: 3.6464806, y: 0.055147033, z: 7.376138}
  - {x: 4.1012483, y: 0.05364676, z: 7.238698}
  - {x: 4.508653, y: 0.050844084, z: 7.09411}
  - {x: 4.8630257, y: 0.046619773, z: 6.9416227}
  - {x: 5.1586957, y: 0.040854573, z: 6.780483}
  - {x: 5.3899927, y: 0.033429243, z: 6.609939}
  - {x: 5.5512476, y: 0.024224533, z: 6.4292393}
  - {x: 5.6367893, y: 0.013121201, z: 6.2376313}
  - {x: 5.6409483, y: 0, z: 6.034363}
  - {x: 5.616284, y: -0.012098062, z: 5.860733}
  - {x: 5.5324016, y: -0.022556197, z: 5.6908774}
  - {x: 5.3929358, y: -0.031460714, z: 5.525243}
  - {x: 5.2015214, y: -0.03889793, z: 5.3642764}
  - {x: 4.9617934, y: -0.044954155, z: 5.2084255}
  - {x: 4.677387, y: -0.049715698, z: 5.058138}
  - {x: 4.351938, y: -0.053268876, z: 4.9138603}
  - {x: 3.9890802, y: -0.055699997, z: 4.77604}
  - {x: 3.5924492, y: -0.05709537, z: 4.6451244}
  - {x: 3.1656797, y: -0.05754132, z: 4.5215607}
  - {x: 2.7124069, y: -0.05712414, z: 4.405796}
  - {x: 2.2362657, y: -0.05593016, z: 4.298278}
  - {x: 1.7408911, y: -0.05404568, z: 4.1994534}
  - {x: 1.2299182, y: -0.05155702, z: 4.10977}
  - {x: 0.706982, y: -0.048550487, z: 4.0296745}
  - {x: 0.17571749, y: -0.045112394, z: 3.9596148}
  - {x: -0.36024037, y: -0.041329052, z: 3.9000375}
  - {x: -0.89725655, y: -0.037286773, z: 3.8513901}
  - {x: -1.431696, y: -0.03307187, z: 3.81412}
  - {x: -1.9599239, y: -0.02877066, z: 3.7886744}
  - {x: -2.478305, y: -0.024469445, z: 3.7755005}
  - {x: -2.9832046, y: -0.020254543, z: 3.7750454}
  - {x: -3.4709873, y: -0.016212266, z: 3.7877567}
  - {x: -3.9380183, y: -0.012428924, z: 3.8140812}
  - {x: -4.380663, y: -0.008990831, z: 3.8544667}
  - {x: -4.795285, y: -0.005984297, z: 3.90936}
  - {x: -5.1782513, y: -0.003495635, z: 3.9792085}
  - {x: -5.5259256, y: -0.0016111569, z: 4.0644593}
  - {x: -5.8346734, y: -0.00041717454, z: 4.1655602}
  - {x: -6.100859, y: 0, z: 4.282958}
  m_Parameters:
    serializedVersion: 3
    widthMultiplier: 1
    widthCurve:
      serializedVersion: 2
      m_Curve:
      - serializedVersion: 3
        time: 0
        value: 1
        inSlope: 0
        outSlope: 0
        tangentMode: 0
        weightedMode: 0
        inWeight: 0.33333334
        outWeight: 0.33333334
      m_PreInfinity: 2
      m_PostInfinity: 2
      m_RotationOrder: 4
    colorGradient:
      serializedVersion: 2
      key0: {r: 1, g: 1, b: 1, a: 1}
      key1: {r: 1, g: 1, b: 1, a: 1}
      key2: {r: 0, g: 0, b: 0, a: 0}
      key3: {r: 0, g: 0, b: 0, a: 0}
      key4: {r: 0, g: 0, b: 0, a: 0}
      key5: {r: 0, g: 0, b: 0, a: 0}
      key6: {r: 0, g: 0, b: 0, a: 0}
      key7: {r: 0, g: 0, b: 0, a: 0}
      ctime0: 0
      ctime1: 65535
      ctime2: 0
      ctime3: 0
      ctime4: 0
      ctime5: 0
      ctime6: 0
      ctime7: 0
      atime0: 0
      atime1: 65535
      atime2: 0
      atime3: 0
      atime4: 0
      atime5: 0
      atime6: 0
      atime7: 0
      m_Mode: 0
      m_NumColorKeys: 2
      m_NumAlphaKeys: 2
    numCornerVertices: 0
    numCapVertices: 0
    alignment: 0
    textureMode: 1
    shadowBias: 0
    generateLightingData: 0
  m_UseWorldSpace: 1
  m_Loop: 0
--- !u!114 &3240690392320441852
MonoBehaviour:
  m_ObjectHideFlags: 0
  m_CorrespondingSourceObject: {fileID: 0}
  m_PrefabInstance: {fileID: 0}
  m_PrefabAsset: {fileID: 0}
  m_GameObject: {fileID: 3240690392320441826}
  m_Enabled: 1
  m_EditorHideFlags: 0
  m_Script: {fileID: 11500000, guid: 8a69af748a081a14dbc7aa333bece5af, type: 3}
  m_Name: 
  m_EditorClassIdentifier: 
  showHandles: 1
  hidden: 0
  parent: {fileID: 3240690392320441855}
  ccName: 
  splitMode: 0
  partsTotal: 30
  partsPerSection: 30
  doNotOptimizeStraightLines: 0
  useLocal: 0
  spheresScale: 1
  spheresColor: {r: 1, g: 1, b: 1, a: 1}
  spheresCount: 100
  updateAtStart: 1
--- !u!114 &3240690392320441853
MonoBehaviour:
  m_ObjectHideFlags: 0
  m_CorrespondingSourceObject: {fileID: 0}
  m_PrefabInstance: {fileID: 0}
  m_PrefabAsset: {fileID: 0}
  m_GameObject: {fileID: 3240690392320441826}
  m_Enabled: 1
  m_EditorHideFlags: 0
  m_Script: {fileID: 11500000, guid: d53afc6effb7f024c8570a2ad8ccd367, type: 3}
  m_Name: 
  m_EditorClassIdentifier: 
  ballList: []
  speed: 10.75
  ballRadius: 1.5
  easeType: 1
  mergeSpeedFactor: 10
  StartSpeedFactor: 5
  chainGOBackIndex: -1
  txt: {fileID: 0}
--- !u!114 &3240690392320441851
MonoBehaviour:
  m_ObjectHideFlags: 0
  m_CorrespondingSourceObject: {fileID: 0}
  m_PrefabInstance: {fileID: 0}
  m_PrefabAsset: {fileID: 0}
  m_GameObject: {fileID: 3240690392320441826}
  m_Enabled: 1
  m_EditorHideFlags: 0
  m_Script: {fileID: 11500000, guid: 9c237f1254f3cb24b85033f04d381d61, type: 3}
  m_Name: 
  m_EditorClassIdentifier: 
  WaveTimeOut: 15
  Waves: 050000000300000005000000
  ColorDistribution:
  - {x: 1, y: 2, z: 3}
  CurrentWave: -1
